<?xml version="1.0" encoding="UTF-8"?><record xmlns="http://www.loc.gov/MARC21/slim" xmlns:cinclude="http://apache.org/cocoon/include/1.0" xmlns:zs="http://www.loc.gov/zing/srw/">
  <leader>00348nz  a2200121n  4500</leader>
  <controlfield tag="001">nr 90006576 </controlfield>
  <controlfield tag="003">DLC</controlfield>
  <controlfield tag="005">19900427174249.4</controlfield>
  <controlfield tag="008">900423n| acnnnaab|          |n aaa     c</controlfield>
  <datafield tag="010" ind1=" " ind2=" ">
    <subfield code="a">nr 90006576 </subfield>
  </datafield>
  <datafield tag="040" ind1=" " ind2=" ">
    <subfield code="a">NNC</subfield>
    <subfield code="c">NNC</subfield>
  </datafield>
  <datafield tag="100" ind1="1" ind2="0">
    <subfield code="a">Espinosa, Manuel,</subfield>
    <subfield code="d">1964-</subfield>
  </datafield>
  <datafield tag="670" ind1=" " ind2=" ">
    <subfield code="a">Loya, H. Tres testigos textuales, 1989:</subfield>
    <subfield code="b">p. 1 of cover (Manuel Espinosa, b. Loja, l964)</subfield>
  </datafield>
</record>